<?xml version="1.0" encoding="UTF-8"?><collection xmlns="http://www.loc.gov/MARC21/slim"><record><leader>00801nam--2200205-i-4500</leader><controlfield tag="001">000014168</controlfield><controlfield tag="002">20161230</controlfield><controlfield tag="005">20161230201030</controlfield><controlfield tag="008">060222s1000------------r-----000-0-eng-d</controlfield><datafield ind1=" " ind2=" " tag="020"><subfield code="a">030640897X</subfield></datafield><datafield ind1=" " ind2=" " tag="040"><subfield code="a">IFIN-HH</subfield></datafield><datafield ind1=" " ind2=" " tag="080"><subfield code="a">538.971:541.183(061.3)</subfield></datafield><datafield ind1="1" ind2=" " tag="100"><subfield code="a">Burke, John J./S.A.</subfield></datafield><datafield ind1="1" ind2="0" tag="245"><subfield code="a">Surface treatments for improved performance and properties</subfield><subfield code="b">Proceedings of the twenty-sixth sagamore army materials research conference, held july 16-20, 1979 at the sagamore hotel, bo lton landing, lake george, new york</subfield><subfield code="c">John j. burke, volker weiss (eds.)</subfield></datafield><datafield ind1=" " ind2=" " tag="260"><subfield code="a">New York</subfield><subfield code="b">Plenum Press</subfield><subfield code="c">1982</subfield></datafield><datafield ind1=" " ind2=" " tag="300"><subfield code="a">X + 224 P</subfield></datafield><datafield ind1=" " ind2=" " tag="490"><subfield code="a">Sagamore Army Materials Research Conference Proceedings</subfield><subfield code="v">Vol. 26</subfield></datafield><datafield ind1="1" ind2=" " tag="700"><subfield code="a">Weiss, Volker</subfield><subfield code="e">Ed</subfield></datafield><datafield ind1=" " ind2=" " tag="852"><subfield code="a">70205</subfield><subfield code="c">539.2</subfield></datafield><datafield ind1=" " ind2=" " tag="CAT"><subfield code="a">Sys</subfield><subfield code="c">20121105</subfield><subfield code="h">122957</subfield></datafield></record></collection>